<record><leader>00000cas a22000007a 4500</leader><controlfield tag="001">12044192</controlfield><controlfield tag="008">850516d18791881wiuwr ne      0    0eng d</controlfield><datafield ind1=" " ind2=" " tag="010"><subfield code="a">sn 85040729 </subfield></datafield><datafield ind1=" " ind2=" " tag="040"><subfield code="a">NPV</subfield><subfield code="b">eng</subfield><subfield code="c">NPV</subfield><subfield code="d">OCLCQ</subfield></datafield><datafield ind1=" " ind2=" " tag="042"><subfield code="a">msc</subfield></datafield><datafield ind1=" " ind2=" " tag="045"><subfield code="a">w7w8</subfield></datafield><datafield ind1=" " ind2=" " tag="052"><subfield code="a">4123</subfield><subfield code="b">J4</subfield><subfield code="b">D5</subfield></datafield><datafield ind1="0" ind2=" " tag="130"><subfield code="a">Gazette (Watertown, Wis.)</subfield></datafield><datafield ind1="1" ind2="4" tag="245"><subfield code="a">The gazette.</subfield></datafield><datafield ind1=" " ind2=" " tag="260"><subfield code="a">Watertown, Wis. :</subfield><subfield code="b">Mathes &amp; Off</subfield></datafield><datafield ind1=" " ind2=" " tag="300"><subfield code="a">v.</subfield></datafield><datafield ind1=" " ind2=" " tag="310"><subfield code="a">Weekly</subfield></datafield><datafield ind1="1" ind2=" " tag="362"><subfield code="a">Began with June 24, 1879 issue.</subfield><subfield code="z">Cf. Oehlerts, d. Guide to Wis. newspapers.</subfield></datafield><datafield ind1="1" ind2=" " tag="362"><subfield code="a">Ceased in 1880 or 1881.</subfield></datafield><datafield ind1=" " ind2=" " tag="500"><subfield code="a">Editor: G.P. Mathes, Oct. 14, 1879-&lt;Feb. 3, 1880&gt;.</subfield></datafield><datafield ind1=" " ind2=" " tag="530"><subfield code="a">Available on microfilm from The State Historical Society of Wisconsin.</subfield></datafield><datafield ind1=" " ind2=" " tag="588"><subfield code="a">Description based on: Vol. 1, no. 5 (July 22, 1879).</subfield></datafield><datafield ind1=" " ind2=" " tag="752"><subfield code="a">United States</subfield><subfield code="b">Wisconsin</subfield><subfield code="c">Jefferson</subfield><subfield code="d">Watertown.</subfield></datafield><datafield ind1=" " ind2=" " tag="752"><subfield code="a">United States</subfield><subfield code="b">Wisconsin</subfield><subfield code="c">Dodge</subfield><subfield code="d">Watertown.</subfield></datafield><datafield ind1="0" ind2="0" tag="785"><subfield code="t">Watertown gazette</subfield><subfield code="w">(DLC)sn 85040730</subfield></datafield><datafield ind1="1" ind2=" " tag="029"><subfield code="a">AU@</subfield><subfield code="b">000025804578</subfield></datafield></record>